// piano dataset
@article{DBLP:journals/corr/abs-2010-07061,
  author       = {Qiuqiang Kong and
                  Bochen Li and
                  Jitong Chen and
                  Yuxuan Wang},
  title        = {GiantMIDI-Piano: {A} large-scale {MIDI} dataset for classical piano
                  music},
  journal      = {CoRR},
  volume       = {abs/2010.07061},
  year         = {2020},
  url          = {https://arxiv.org/abs/2010.07061},
  eprinttype    = {arXiv},
  eprint       = {2010.07061},
  timestamp    = {Mon, 30 Nov 2020 17:56:31 +0100},
  biburl       = {https://dblp.org/rec/journals/corr/abs-2010-07061.bib},
  bibsource    = {dblp computer science bibliography, https://dblp.org}
}


// for tokenization
@inproceedings{miditok2021,
    title={{MidiTok}: A Python package for {MIDI} file tokenization},
    author={Fradet, Nathan and Briot, Jean-Pierre and Chhel, Fabien and El Fallah Seghrouchni, Amal and Gutowski, Nicolas},
    booktitle={Extended Abstracts for the Late-Breaking Demo Session of the 22nd International Society for Music Information Retrieval Conference},
    year={2021},
    url={https://archives.ismir.net/ismir2021/latebreaking/000005.pdf},
}

//https://arxiv.org/pdf/2308.13736
//for midi to audio
@inproceedings{2022_BittnerBRME_LightweightNoteTranscription_ICASSP,
  author= {Bittner, Rachel M. and Bosch, Juan Jos\'e and Rubinstein, David and Meseguer-Brocal, Gabriel and Ewert, Sebastian},
  title= {A Lightweight Instrument-Agnostic Model for Polyphonic Note Transcription and Multipitch Estimation},
  booktitle= {Proceedings of the IEEE International Conference on Acoustics, Speech, and Signal Processing (ICASSP)},
  address= {Singapore},
  year= 2022,
}

@inproceedings{copet2023simple,
    title={Simple and Controllable Music Generation},
    author={Jade Copet and Felix Kreuk and Itai Gat and Tal Remez and David Kant and Gabriel Synnaeve and Yossi Adi and Alexandre DÃ©fossez},
    booktitle={Thirty-seventh Conference on Neural Information Processing Systems},
    year={2023},
}