@article{1706.03762,
  author = {Ashish Vaswani and Noam Shazeer and Niki Parmar and Jakob Uszkoreit and Llion Jones and Aidan N. Gomez and Lukasz Kaiser and Illia Polosukhin},
  title  = {Attention Is All You Need},
  year   = {2017},
  eprint = {arXiv:1706.03762}
}

@article{1808.03314,
  author       = {Alex Sherstinsky},
  title        = {Fundamentals of Recurrent Neural Network (RNN) and Long Short-Term Memory (LSTM) Network},
  year         = {2018},
  eprint       = {arXiv:1808.03314},
  howpublished = {Elsevier "Physica D: Nonlinear Phenomena" journal, Volume 404,
                  March 2020: Special Issue on Machine Learning and Dynamical Systems},
  doi          = {10.1016/j.physd.2019.132306}
}

@misc{callender2020improving,
  title         = {Improving Perceptual Quality of Drum Transcription with the Expanded Groove MIDI Dataset},
  author        = {Lee Callender and Curtis Hawthorne and Jesse Engel},
  year          = {2020},
  eprint        = {2004.00188},
  archiveprefix = {arXiv},
  primaryclass  = {cs.SD}
}
@inproceedings{copet2023simple,
  title     = {Simple and Controllable Music Generation},
  author    = {Jade Copet and Felix Kreuk and Itai Gat and Tal Remez and David Kant and Gabriel Synnaeve and Yossi Adi and Alexandre Défossez},
  booktitle = {Thirty-seventh Conference on Neural Information Processing Systems},
  year      = {2023}
}

@inproceedings{DBLP:conf/hcmir/WuLY023,
  author    = {Shangda Wu and
               Xiaobing Li and
               Feng Yu and
               Maosong Sun},
  editor    = {Lorenzo Porcaro and
               Roser Batlle{-}Roca and
               Emilia G{\'{o}}mez},
  title     = {TunesFormer: Forming Irish Tunes with Control Codes by Bar Patching},
  booktitle = {Proceedings of the 2nd Workshop on Human-Centric Music Information
               Retrieval 2023 co-located with the 24th International Society for
               Music Information Retrieval Conference {(ISMIR} 2023), Milan, Italy,
               November 10, 2023},
  series    = {{CEUR} Workshop Proceedings},
  volume    = {3528},
  publisher = {CEUR-WS.org},
  year      = {2023},
  url       = {https://ceur-ws.org/Vol-3528/paper1.pdf},
  timestamp = {Tue, 19 Dec 2023 17:15:12 +0100},
  biburl    = {https://dblp.org/rec/conf/hcmir/WuLY023.bib},
  bibsource = {dblp computer science bibliography, https://dblp.org}
}

@article{de2017understanding,
  title   = {Understanding MIDI: A Painless Tutorial on Midi Format},
  author  = {de Oliveira, H{\'e}lio Magalh{\~a}es and de Oliveira, RC},
  journal = {arXiv preprint arXiv:1705.05322},
  year    = {2017}
}

@software{gpt-neox-library,
  title   = {{GPT-NeoX: Large Scale Autoregressive Language Modeling in PyTorch}},
  author  = {Andonian, Alex and Anthony, Quentin and Biderman, Stella and Black, Sid and Gali, Preetham and Gao, Leo and Hallahan, Eric and Levy-Kramer, Josh and Leahy, Connor and Nestler, Lucas and Parker, Kip and Pieler, Michael and Phang, Jason and Purohit, Shivanshu and Schoelkopf, Hailey and Stander, Dashiell and Songz, Tri and Tigges, Curt and Thérien, Benjamin and Wang, Phil and Weinbach, Samuel},
  url     = {https://www.github.com/eleutherai/gpt-neox},
  doi     = {10.5281/zenodo.5879544},
  month   = {9},
  year    = {2023},
  version = {2.0.0}
}

@software{Moi_HuggingFace_s_Tokenizers_2023,
  author  = {Moi, Anthony and Patry, Nicolas},
  license = {Apache-2.0},
  month   = apr,
  title   = {{HuggingFace's Tokenizers}},
  url     = {https://github.com/huggingface/tokenizers},
  version = {0.13.4},
  year    = {2023}
}

@software{PENG_RWKV-LM_2021,
  author  = {PENG, Bo},
  doi     = {10.5281/zenodo.5196577},
  month   = aug,
  title   = {{RWKV-LM}},
  url     = {https://github.com/BlinkDL/RWKV-LM},
  version = {1.0.0},
  year    = {2021}
}

@article{peng2024eagle,
  title   = {Eagle and finch: Rwkv with matrix-valued states and dynamic recurrence},
  author  = {Peng, Bo and Goldstein, Daniel and Anthony, Quentin and Albalak, Alon and Alcaide, Eric and Biderman, Stella and Cheah, Eugene and Ferdinan, Teddy and Hou, Haowen and Kazienko, Przemys{\l}aw and others},
  journal = {arXiv preprint arXiv:2404.05892},
  year    = {2024}
}

@article{RWKV,
  author = {Bo Peng and Eric Alcaide and Quentin Anthony and Alon Albalak and Samuel Arcadinho and Stella Biderman and Huanqi Cao and Xin Cheng and Michael Chung and Matteo Grella and Kranthi Kiran GV and Xuzheng He and Haowen Hou and Jiaju Lin and Przemyslaw Kazienko and Jan Kocon and Jiaming Kong and Bartlomiej Koptyra and Hayden Lau and Krishna Sri Ipsit Mantri and Ferdinand Mom and Atsushi Saito and Guangyu Song and Xiangru Tang and Bolun Wang and Johan S. Wind and Stanislaw Wozniak and Ruichong Zhang and Zhenyuan Zhang and Qihang Zhao and Peng Zhou and Qinghua Zhou and Jian Zhu and Rui-Jie Zhu},
  title  = {RWKV: Reinventing RNNs for the Transformer Era},
  year   = {2023},
  eprint = {arXiv:2305.13048}
}

@misc{Zhang,
  title    = {Lofi: ML-supported lo-fi music generator},
  author   = {Zhang, Jacob},
  url      = {https://github.com/jacbz/Lofi},
  language = {en}
}
